@inproceedings{Wei2022ChainOT,
  author    = {Jason Wei and Xuezhi Wang and Dale Schuurmans and Maarten Bosma and Brian Ichter and Fei Xia and Ed Chi and Quoc Le and Denny Zhou},
  title     = {Chain-of-Thought Prompting Elicits Reasoning in Large Language Models},
  booktitle = {Advances in Neural Information Processing Systems 35},
  year      = {2022},
  url       = {https://arxiv.org/abs/2201.11903}
}

@inproceedings{Yao2022ReActSL,
  author    = {Shunyu Yao and Jeffrey Zhao and Dian Yu and Nan Du and Izhak Shafran and Karthik Narasimhan and Yuan Cao},
  title     = {ReAct: Synergizing Reasoning and Acting in Language Models},
  booktitle = {International Conference on Learning Representations},
  year      = {2023},
  url       = {https://arxiv.org/abs/2210.03629}
}

@inproceedings{Vaswani2017AttentionIA,
  author    = {Ashish Vaswani and Noam Shazeer and Niki Parmar and Jakob Uszkoreit and Llion Jones and Aidan N. Gomez and Lukasz Kaiser and Illia Polosukhin},
  title     = {Attention Is All You Need},
  booktitle = {Advances in Neural Information Processing Systems 30},
  year      = {2017},
  pages     = {5998--6008},
  url       = {https://arxiv.org/abs/1706.03762}
}

@inproceedings{Brown2020LanguageMA,
  author    = {Tom B. Brown and Benjamin Mann and Nick Ryder and Melanie Subbiah and Jared Kaplan and Prafulla Dhariwal and Arvind Neelakantan and Pranav Shyam and Girish Sastry and Amanda Askell and Sandhini Agarwal and Ariel Herbert-Voss and Gretchen Krueger and Tom Henighan and Rewon Child and Aditya Ramesh and Daniel M. Ziegler and Jeffrey Wu and Clemens Winter and Christopher Hesse and Mark Chen and Eric Sigler and Mateusz Litwin and Scott Gray and Benjamin Chess and Jack Clark and Christopher Berner and Sam McCandlish and Alec Radford and Ilya Sutskever and Dario Amodei},
  title     = {Language Models are Few-Shot Learners},
  booktitle = {Advances in Neural Information Processing Systems 33},
  year      = {2020},
  pages     = {1877--1901},
  url       = {https://arxiv.org/abs/2005.14165}
}

@article{Touvron2023LlamaOA,
  author    = {Hugo Touvron and Thibaut Lavril and Gautier Izacard and Xavier Martinet and Marie-Anne Lachaux and Timothée Lacroix and Baptiste Rozière and Naman Goyal and Eric Hambro and Faisal Azhar and Aurelien Rodriguez and Armand Joulin and Edouard Grave and Guillaume Lample},
  title     = {LLaMA: Open and Efficient Foundation Language Models},
  journal   = {ArXiv},
  year      = {2023},
  volume    = {abs/2302.13971},
  url       = {https://arxiv.org/abs/2302.13971}
}

@article{Chowdhery2022PaLMSM,
  author    = {Aakanksha Chowdhery and Sharan Narang and Jacob Devlin and Maarten Bosma and Gaurav Mishra and Adam Roberts and Paul Barham and Hyung Won Chung and Charles Sutton and Sebastian Gehrmann and Parker Schuh and Kensen Shi and Sasha Tsvyashchenko and Joshua Maynez and Abhishek Rao and Parker Bright and Joseph Hapner and Kevin Robinson and Rowan Anil and Shuaiwen Leon Song and Erica Morrison and Nan Du and Winifred SEXUALITA and Rebeca Santamaria and Xavier Garcia and Weny Pribadi and Kevin A. F. G. Yu and Hongrae Lee and Ed H. Chi and Jeff Dean},
  title     = {PaLM: Scaling Language Modeling with Pathways},
  journal   = {ArXiv},
  year      = {2022},
  volume    = {abs/2204.02311},
  url       = {https://arxiv.org/abs/2204.02311}
}

@article{Anil2023GeminiAF,
  author    = {Rohan Anil and Sebastian Borgeaud and Yonghui Wu and Jean-Baptiste Alayrac and Jiahui Yu and Radu Soricut and Johan Schalkwyk and Andrew M. Dai and Anja Hauth and Katie Millican and David Silver and Slav Petrov and Melvin Johnson and Ioannis Antonoglou and Julian Schrittwieser and Mohammad Saleh and Jack W. Rae and Viorica Patraucean and Loretta Chia and Jeff Dean and Demis Hassabis and Oriol Vinyals and Koray Kavukcuoglu and Laurent Sifre and George van den Driessche and Winnie Valcin and Juliette Love and Rebeca Santamaria and Weny Pribadi and Kevin A. F. G. Yu and Hongrae Lee and Ed H. Chi},
  title     = {Gemini: A Family of Highly Capable Multimodal Models},
  journal   = {ArXiv},
  year      = {2023},
  volume    = {abs/2312.11805},
  url       = {https://arxiv.org/abs/2312.11805}
}

@article{Wang2022SelfConsistencyIC,
  author    = {Xuezhi Wang and Jason Wei and Dale Schuurmans and Quoc V. Le and Ed Chi and Sharan Narang and Aakanksha Chowdhery and Denny Zhou},
  title     = {Self-Consistency Improves Chain of Thought Reasoning in Language Models},
  journal   = {ArXiv},
  year      = {2022},
  volume    = {abs/2203.11171},
  url       = {https://arxiv.org/abs/2203.11171}
}

@article{Yao2023TreeOT,
  author    = {Shunyu Yao and Dian Yu and Jeffrey Zhao and Izhak Shafran and Thomas L. Griffiths and Yuan Cao and Karthik Narasimhan},
  title     = {Tree of Thoughts: Deliberate Problem Solving with Large Language Models},
  journal   = {ArXiv},
  year      = {2023},
  volume    = {abs/2305.10601},
  url       = {https://arxiv.org/abs/2305.10601}
}

@article{Ouyang2022TrainingLM,
  author    = {Long Ouyang and Jeff Wu and Xu Jiang and Diogo Almeida and Carroll L. Wainwright and Pamela Mishkin and Chong Zhang and Sandhini Agarwal and Katarina Slama and Alex Ray and John Schulman and Jacob Hilton and Fraser Kelton and Luke Miller and Maddie Simens and Amanda Askell and Peter Welinder and Paul Christiano and Jan Leike and Ryan Lowe},
  title     = {Training language models to follow instructions with human feedback},
  journal   = {ArXiv},
  year      = {2022},
  volume    = {abs/2203.02155},
  url       = {https://arxiv.org/abs/2203.02155}
}

@article{Nakano2021WebGPTBO,
  author    = {Reiichiro Nakano and Jacob Hilton and Suchir Balaji and Jeff Wu and Long Ouyang and Christina Kim and Christopher Hesse and Shantanu Jain and Vineet Kosaraju and William Saunders and Xu Jiang and Karl Cobbe and Tyna Eloundou and Gretchen Krueger and Kevin Button and Matthew Knight and Benjamin Chess and John Schulman},
  title     = {WebGPT: Browser-assisted question-answering with human feedback},
  journal   = {ArXiv},
  year      = {2021},
  volume    = {abs/2112.09332},
  url       = {https://arxiv.org/abs/2112.09332}
}

@article{Ahn2022CanSA,
  author    = {Michael Ahn and Anthony Brohan and Noah Brown and Yevgen Chebotar and Omar Cortes and Byron David and Chelsea Finn and Keerthana Gopalakrishnan and Karol Hausman and Alex Herzog and Daniel Ho and Jasmine Hsu and Julian Ibarz and Brian Ichter and Alex Irpan and Kanishka Jackson and Sally Jesmonth and Nikhil J Joshi and Ryan Julian and Dmitry Kalashnikov and Yuheng Kuang and Kuang-Huei Lee and Sergey Levine and Yao Lu and Linda Luu and Carolina Parada and Peter Pastor and Jornell Quiambao and Khem్రియ Rajpurohit and Pierre Sermanet and Pannag R. Sanketi and Kevin Sayed and Ted Sizer and Clayton Tan and Huong T. Tran and Vincent Vanhoucke and Steve Vega and Fei Xia and Tianhe Yu and Brianna Zitkovich and αρτem},
  title     = {Do As I Can, Not As I Say: Grounding Language in Robotic Affordances},
  journal   = {ArXiv},
  year      = {2022},
  volume    = {abs/2204.01691},
  url       = {https://arxiv.org/abs/2204.01691}
}

@article{Schick2023ToolformerLM,
  author    = {Timo Schick and Jane Dwivedi-Yu and Roberto Dessi and Roberta Raileanu and Maria Lomeli and Luke Zettlemoyer and Nicola Cancedda and Thomas Scialom},
  title     = {Toolformer: Language Models Can Teach Themselves to Use Tools},
  journal   = {ArXiv},
  year      = {2023},
  volume    = {abs/2302.04761},
  url       = {https://arxiv.org/abs/2302.04761}
}

@article{Parisi2022ARTAR,
  author    = {Andrea Parisi and Yao Zhao and Noah Fiedel},
  title     = {ART: Automatic Reasoning and Tool-use},
  journal   = {ArXiv},
  year      = {2022},
  volume    = {abs/2203.00030},
  url       = {https://arxiv.org/abs/2203.00030}
}

% Placeholder for your llm-policy.tex work
@unpublished{AuthorsPriorWorkLLMPolicy202X,
  author    = {Author One and Author Two and Author Three},
  title     = {A Discrete Action MDP Framework for Goal-Directed Prompting in Large Language Models},
  note      = {Working Paper or Pre-print},
  year      = {202X}
}

% Placeholder for your q-guided-expectimax.tex work
@unpublished{AuthorsPriorWorkQGuidedExpectimax202X,
  author    = {Author One and Author Two and Author Three},
  title     = {Q-Guided Expectimax Planning: A Hybrid Approach for Efficient Model-Based Reinforcement Learning},
  note      = {Working Paper or Pre-print},
  year      = {202X}
}

@inproceedings{Silver2016MasteringTG,
  author    = {David Silver and Aja Huang and Chris J. Maddison and Arthur Guez and Laurent Sifre and George van den Driessche and Julian Schrittwieser and Ioannis Antonoglou and Veda Panneershelvam and Marc Lanctot and Sander Dieleman and Dominik Grewe and John Nham and Nal Kalchbrenner and Ilya Sutskever and Timothy P. Lillicrap and Madeleine Leach and Koray Kavukcuoglu and Thore Graepel and Demis Hassabis},
  title     = {Mastering the game of Go with deep neural networks and tree search},
  booktitle = {Nature},
  year      = {2016},
  volume    = {529},
  pages     = {484-489}
}

@article{Silver2017MasteringC,
  author    = {David Silver and Julian Schrittwieser and Karen Simonyan and Ioannis Antonoglou and Aja Huang and Arthur Guez and Thomas Hubert and Lucas Baker and Matthew Lai and Adrian Bolton and Yutian Chen and Timothy P. Lillicrap and Fan Hui and Laurent Sifre and George van den Driessche and Thore Graepel and Demis Hassabis},
  title     = {Mastering the game of Go without human knowledge},
  journal   = {Nature},
  year      = {2017},
  volume    = {550},
  pages     = {354-359}
}

@book{Murphy2002DynamicBN,
  author    = {Kevin P. Murphy},
  title     = {Dynamic Bayesian Networks: Representation, Inference and Learning},
  publisher = {University of California, Berkeley},
  year      = {2002},
  note      = {Ph.D. Thesis}
}

@inproceedings{Ghahramani1997LearningDP,
  author    = {Zoubin Ghahramani},
  title     = {Learning dynamic Bayesian networks},
  booktitle = {Lecture Notes in Computer Science},
  year      = {1997},
  volume    = {1387},
  pages     = {168-197},
  publisher = {Springer Berlin Heidelberg}
}

@article{Marcus2020TheNG,
  author    = {Gary Marcus},
  title     = {The Next Decade in AI: Four Steps Towards Robust Artificial Intelligence},
  journal   = {ArXiv},
  year      = {2020},
  volume    = {abs/2002.06177},
  url       = {https://arxiv.org/abs/2002.06177}
}

@article{Garnelo2021SurveyON,
  author    = {Marta Garnelo and Murray Shanahan},
  title     = {Survey on Neuro-Symbolic AI},
  journal   = {ArXiv},
  year      = {2021},
  volume    = {abs/2106.07180},
  url       = {https://arxiv.org/abs/2106.07180}
}

@inproceedings{Weston2014MemoryN,
  author    = {Jason Weston and Sumit Chopra and Antoine Bordes},
  title     = {Memory Networks},
  booktitle = {International Conference on Learning Representations (ICLR)},
  year      = {2015},
  url       = {https://arxiv.org/abs/1410.3916}
}

@article{Sukhbaatar2015EndToEndMN,
  author    = {Sainbayar Sukhbaatar and Arthur Szlam and Jason Weston and Rob Fergus},
  title     = {End-To-End Memory Networks},
  journal   = {Advances in Neural Information Processing Systems 28},
  year      = {2015},
  url       = {https://arxiv.org/abs/1503.08895}
}

@article{Graves2014NeuralTM,
  author    = {Alex Graves and Greg Wayne and Ivo Danihelka},
  title     = {Neural Turing Machines},
  journal   = {ArXiv},
  year      = {2014},
  volume    = {abs/1410.5401},
  url       = {https://arxiv.org/abs/1410.5401}
}

@inproceedings{Lewis2020RetrievalAugmentedGF,
  author    = {Patrick S. H. Lewis and Ethan Perez and Aleksandra Piktus and Fabio Petroni and Vladimir Karpukhin and Naman Goyal and Heinrich K{\"u}ttler and Mike Lewis and Wen-tau Yih and Tim Rockt{\"a}schel and Sebastian Riedel and Douwe Kiela},
  title     = {Retrieval-Augmented Generation for Knowledge-Intensive NLP Tasks},
  booktitle = {Advances in Neural Information Processing Systems 33},
  year      = {2020},
  pages     = {9459--9474},
  url       = {https://arxiv.org/abs/2005.11401}
}

@article{Mnih2013PlayingAW,
  author    = {Volodymyr Mnih and Koray Kavukcuoglu and David Silver and Alex Graves and Ioannis Antonoglou and Daan Wierstra and Martin A. Riedmiller},
  title     = {Playing Atari with Deep Reinforcement Learning},
  journal   = {ArXiv},
  year      = {2013},
  volume    = {abs/1312.5602},
  url       = {https://arxiv.org/abs/1312.5602}
}

@article{Mnih2015HumanlevelCT,
  author    = {Volodymyr Mnih and Koray Kavukcuoglu and David Silver and Andrei A. Rusu and Joel Veness and Marc G. Bellemare and Alex Graves and Martin A. Riedmiller and Andreas Fidjeland and Georg Ostrovski and Stig Petersen and Charles Beattie and Amir Sadik and Ioannis Antonoglou and Helen King and Dharshan Kumaran and Daan Wierstra and Shane Legg and Demis Hassabis},
  title     = {Human-level control through deep reinforcement learning},
  journal   = {Nature},
  year      = {2015},
  volume    = {518},
  pages     = {529-533}
}

@article{Mnih2016AsynchronousMF,
  author    = {Volodymyr Mnih and Adri{\`a} Puigdom{\`e}nech Badia and Mehdi Mirza and Alex Graves and Timothy P. Lillicrap and Tim Harley and David Silver and Koray Kavukcuoglu},
  title     = {Asynchronous Methods for Deep Reinforcement Learning},
  journal   = {ArXiv},
  year      = {2016},
  volume    = {abs/1602.01783},
  url       = {https://arxiv.org/abs/1602.01783}
}

@article{Schulman2017ProximalPO,
  author    = {John Schulman and Filip Wolski and Prafulla Dhariwal and Alec Radford and Oleg Klimov},
  title     = {Proximal Policy Optimization Algorithms},
  journal   = {ArXiv},
  year      = {2017},
  volume    = {abs/1707.06347},
  url       = {https://arxiv.org/abs/1707.06347}
}

% --- References from llm-policy.tex (Hiroshi's draft) ---
@article{bubeck2023sparks,
  title={Sparks of Artificial General Intelligence: Early experiments with GPT-4},
  author={Bubeck, S{\'e}bastien and Chandrasekaran, Varun and Eldan, Ronen and Gehrke, Johannes and Horvitz, Eric and Kamar, Ece and Lee, Peter and Lee, Yin Tat and Li, Yuanzhi and Lundberg, Scott and others},
  journal={arXiv preprint arXiv:2303.12712},
  year={2023}
}

@article{zhao2023survey,
  title={A survey of large language models},
  author={Zhao, Wayne Xin and Zhou, Kun and Li, Junran and Tang, Tianyi and Wang, Xiaolei and Hou, Yupeng and Min, Yingqian and Zhang, Beichen and Zhang, Junjie and Dong, Zican and others},
  journal={arXiv preprint arXiv:2303.18223},
  year={2023}
}

@article{sutton2018reinforcement,
  title={Reinforcement learning: An introduction},
  author={Sutton, Richard S and Barto, Andrew G},
  booktitle={MIT press},
  year={2018}
}

@article{NEURIPS2022_b1efde53,
 author = {Yao, Shunyu and Zhao, Jeffrey and Yu, Dian and Du, Nan and Shafran, Izhak and Narasimhan, Karthik and Cao, Yuan},
 booktitle = {Advances in Neural Information Processing Systems},
 editor = {S. Koyejo and S. Mohamed and A. Agarwal and D. Belgrave and K. Cho and A. Oh},
 pages = {28391--28404},
 publisher = {Curran Associates, Inc.},
 title = {ReAct: Synergizing Reasoning and Acting in Language Models},
 url = {https://proceedings.neurips.cc/paper_files/paper/2022/file/b1efde539853236432DCD09E52961160-Paper-Conference.pdf},
 volume = {35},
 year = {2022}
}

@article{wang2023survey,
  title={A survey on large language model based autonomous agents},
  author={Wang, Lei and Ma, Chen and Feng, Xueyang and Zhang, Zeyu and Yang, Hao and Zhang, Jingsen and Chen, Zhiyuan and Tang, Jiakai and Chen, ZS and Gu, Y},
  journal={arXiv preprint arXiv:2308.11432},
  year={2023}
}

@article{yuan2024siren,
  title={SIREN: A Step-by-Step Planning-based RL Approach for Complex Tasks},
  author={Yuan, Tian and Tao, Cong and Zhao, Dongru and Wang, Zongzhang and He, Yuzheng and Wang, Shuyuan and Zhou, Yong},
  journal={arXiv preprint arXiv:2402.02890},
  year={2024}
}

@article{sumers2024cognitive,
  title={Cognitive architectures for language agents},
  author={Sumers, Theodore R and Matusch, Shunyu Yao and Kumar, Rajkumar and Kambhampati, Subbarao and Griffiths, Thomas L and Ho, Michael K and Narasimhan, Karthik},
  journal={arXiv preprint arXiv:2401.01330},
  year={2024}
}

@article{liu2023agentbench,
  title={Agentbench: Evaluating llms as agents},
  author={Liu, Xiao and Yu, Hao and Zhang, Hanchen and Xu, Yaran and Xu, Xinran and Li, Yidan and Li, Hongliang and Wang, Qingyuan and Yang, Silin and Liu, Yello and others},
  journal={arXiv preprint arXiv:2308.03688},
  year={2023}
}

@article{lecun2022path,
  title={A path towards autonomous machine intelligence version 0.9. 2, 2022-06-27},
  author={LeCun, Yann},
  journal={OpenReview. net},
  year={2022}
}

@article{park2023generative,
  title={Generative agents: Interactive simulacra of human behavior},
  author={Park, Joon Sung and O'Brien, Joseph C and Cai, Carrie J and Morris, Meredith Ringel and Liang, Percy and Bernstein, Michael S},
  journal={arXiv preprint arXiv:2304.03442},
  year={2023}
}

@article{wang2023voyager,
  title={Voyager: An open-ended embodied agent with large language models},
  author={Wang, Guanzhi and Xie, Yuqi and Jiang, Yunfan and Mandlekar, Ajay and Xiao, Chaowei and Zhu, Yuke and Fan, Linxi and Anandkumar, Anima},
  journal={arXiv preprint arXiv:2305.16291},
  year={2023}
}

@article{hao2023reasoning,
  title={Reasoning with language model is planning with world model},
  author={Hao, Shibo and Gu, Yi and Ma, Haodi and Hong, Joshua Jiahua and Wang, Zhen and de Melo, Gerard and Gao, Yun},
  journal={arXiv preprint arXiv:2305.14992},
  year={2023}
}

@article{black2022learning,
  title={Learning to retrieve prompts for in-context learning},
  author={Black, S and Scheer, J and Ainslie, J and G STANTON, S and Tsvyashchenko, S and Liu, X and Narang, S and Cer, D and Sung, YH},
  journal={arXiv preprint arXiv:2212.09195},
  year={2022}
}

@article{rubin2021learning,
  title={Learning to iteratively Binarize Differentiable Context-Free Grammars for Language Modeling},
  author={Rubin, O and Howland, D and Havelock, J and Berant, J and Globerson, A},
  journal={arXiv preprint arXiv:2109.08818},
  year={2021}
}

@article{zhang2022automatic,
  title={Automatic chain of thought prompting in large language models},
  author={Zhang, Z and K<y_bin_209>uch, AS and Sridhar, K and Koyejo, S and Srikumar, V},
  journal={arXiv preprint arXiv:2210.03493},
  year={2022}
}
